<record><leader>00000cas a22000007a 4500</leader><controlfield tag="001">14524201</controlfield><controlfield tag="008">861027d19071910iauwr ne      0    0eng d</controlfield><datafield ind1=" " ind2=" " tag="010"><subfield code="a">sn 86060312 </subfield></datafield><datafield ind1=" " ind2=" " tag="040"><subfield code="a">INP</subfield><subfield code="b">eng</subfield><subfield code="c">INP</subfield><subfield code="d">OCLCQ</subfield></datafield><datafield ind1=" " ind2=" " tag="042"><subfield code="a">msc</subfield></datafield><datafield ind1="0" ind2=" " tag="130"><subfield code="a">Telegraph (Atlantic, Iowa)</subfield></datafield><datafield ind1="1" ind2="4" tag="245"><subfield code="a">The telegraph.</subfield></datafield><datafield ind1="3" ind2="0" tag="246"><subfield code="a">Atlantic weekly telegraph</subfield></datafield><datafield ind1=" " ind2=" " tag="260"><subfield code="a">Atlantic, Iowa :</subfield><subfield code="b">E.L. Anderson &amp; Co.,</subfield><subfield code="c">1907-1910.</subfield></datafield><datafield ind1=" " ind2=" " tag="300"><subfield code="a">v. :</subfield><subfield code="b">ill. ;</subfield><subfield code="c">53 cm.</subfield></datafield><datafield ind1=" " ind2=" " tag="310"><subfield code="a">Weekly</subfield></datafield><datafield ind1="0" ind2=" " tag="362"><subfield code="a">Aug. 23, 1907-v. 30, no. 30 (Dec. 2, 1910).</subfield></datafield><datafield ind1=" " ind2=" " tag="500"><subfield code="a">Published as: Atlantic weekly telegraph, Aug. 19-Oct. 14, 1910.</subfield></datafield><datafield ind1=" " ind2=" " tag="500"><subfield code="a">Publisher varies.</subfield></datafield><datafield ind1=" " ind2=" " tag="515"><subfield code="a">Issues for Aug.-Sept. 1907 lack numbering; frequent errors in numbering thereafter.</subfield></datafield><datafield ind1=" " ind2=" " tag="752"><subfield code="a">United States</subfield><subfield code="b">Iowa</subfield><subfield code="c">Cass</subfield><subfield code="d">Atlantic.</subfield></datafield><datafield ind1="0" ind2=" " tag="775"><subfield code="t">Daily telegraph (Atlantic, Iowa)</subfield><subfield code="w">(DLC)sn 85049635</subfield></datafield><datafield ind1="0" ind2="0" tag="780"><subfield code="t">Semi-weekly telegraph (Atlantic, Iowa)</subfield><subfield code="w">(DLC)sn 86060018</subfield></datafield><datafield ind1="0" ind2="0" tag="785"><subfield code="t">Atlantic weekly telegraph (Atlantic, Iowa : 1910)</subfield><subfield code="w">(DLC)sn 86060313</subfield></datafield></record>